<?xml version="1.0" encoding="UTF-8" ?>
<record Numero="14041371" format="InterXMarc_Complet" type="Authority">
<leader>00826c1 au22000272  45  <Pos Code="0004">00826</Pos>
<Pos Code="05" Sens="notice modifiée">c</Pos>
<Pos Code="06" Sens="notice validée en catalogage courant">1</Pos>
<Pos Code="08" Sens="notice d&apos;autorité">a</Pos>
<Pos Code="09" Sens="titre uniforme musical (TUM)">u</Pos>
<Pos Code="10">2</Pos>
<Pos Code="11">2</Pos>
<Pos Code="1216">00027</Pos>
<Pos Code="17" Sens="autres cas">2</Pos>
<Pos Code="20">4</Pos>
<Pos Code="21">5</Pos>
</leader>
<controlfield tag="001">FRBNF140413716<Pos Code="0001">FR</Pos>
<Pos Code="0204">BNF</Pos>
<Pos Code="0512">14041371</Pos>
<Pos Code="13">6</Pos>
</controlfield>
<controlfield tag="008">010618140703yyger li        1997      1998                   1   <Pos Code="0001">01</Pos>
<Pos Code="0203">06</Pos>
<Pos Code="0405">18</Pos>
<Pos Code="0607">14</Pos>
<Pos Code="0809">07</Pos>
<Pos Code="1011">03</Pos>
<Pos Code="1213" Sens="ne s&apos;applique pas">yy</Pos>
<Pos Code="1416" Sens="allemand">ger</Pos>
<Pos Code="1820" Sens="Lied">li </Pos>
<Pos Code="2831">1997</Pos>
<Pos Code="3841">1998</Pos>
<Pos Code="61" Sens="La vedette peut être liée à une notice bibliographique sauf pour l&apos;accès matière RAMEAU">1</Pos>
</controlfield>
<datafield tag="048" ind1=" " ind2=" ">
	<subfield code="a">vd01<Pos Code="0001" Sens="voix - ténor">vd</Pos>
<Pos Code="02">0</Pos>
<Pos Code="03">1</Pos>
</subfield>
	<subfield code="a">ka01<Pos Code="0001" Sens="clavier - piano">ka</Pos>
<Pos Code="02">0</Pos>
<Pos Code="03">1</Pos>
</subfield>
</datafield>
<datafield tag="100" ind1=" " ind2=" ">
	<subfield code="3">13895151</subfield>
	<subfield code="w">.0..b.....</subfield>
	<subfield code="a">Henze</subfield>
	<subfield code="m">Hans Werner</subfield>
	<subfield code="d">1926-2012</subfield>
</datafield>
<datafield tag="144" ind1="1" ind2=" ">
	<subfield code="w">....b.....</subfield>
	<subfield code="a">Sechs Gesänge aus dem Arabischen</subfield>
</datafield>
<datafield tag="600" ind1=" " ind2=" ">
	<subfield code="a">Poèmes du compositeur à l&apos;exception de quelques lignes du premier empruntées à &quot;Die erste Walpurgisnacht&quot; de Goethe, et du sixième (traduction par Friedrich Rückert d&apos;un poème de Hafiz)</subfield>
	<subfield code="a">Dédicace à Ian Bostridge et Julius Drake</subfield>
	<subfield code="a">Dates de composition : 1997-1998</subfield>
</datafield>
<datafield tag="610" ind1=" " ind2=" ">
	<subfield code="a">Sechs Gesänge aus dem Arabischen / H. W. Henze. - Schott, 2001</subfield>
</datafield>
<datafield tag="610" ind1=" " ind2=" ">
	<subfield code="a">Grove</subfield>
	<subfield code="u">http://www.grovemusic.com</subfield>
	<subfield code="d">2001-06- 18</subfield>
	<subfield code="a">Sechs Gesänge aus dem Arabischen... [Enregistrement sonore] / Hans Werner Henze, comp. Emi classics 5571122</subfield>
</datafield>
<datafield tag="917" ind1=" " ind2=" ">
	<subfield code="o">OPC</subfield>
	<subfield code="a">101885350</subfield>
</datafield>
<datafield tag="917" ind1=" " ind2=" ">
	<subfield code="o">OPD</subfield>
	<subfield code="a">100478960</subfield>
	<subfield code="b">ATUM</subfield>
</datafield>
<datafield tag="996" ind1=" " ind2=" ">
	<subfield code="o">OPP</subfield>
	<subfield code="a">14821168</subfield>
	<subfield code="d">20140703</subfield>
</datafield>
<Alter Ori="13895151">
<datafield tag="031" ind1=" " ind2=" ">
	<subfield code="a">0000000110315776</subfield>
	<subfield code="2" Sens="ISNI chargé à partir de VIAF">VIAF</subfield>
	<subfield code="d">20130731<Pos Code="0003">2013</Pos>
<Pos Code="0407" Sens="31 juillet">0731</Pos>
</subfield>
</datafield>
</Alter>
<Attr Nom="IDPerenne">ark:/12148/cb140413714</Attr>
<Attr Nom="NumSource">OPC 101885350</Attr>
<Attr Nom="Source" Sens="BnF catalogue général (depuis 1999)">A</Attr>
<Attr Nom="NumAutoriteLiee">13895151</Attr>
<Attr Nom="DateCreation">18/06/ 2001</Attr>
<Attr Nom="ResponsableCreation">MIGV2</Attr>
<Attr Nom="StructCreation">1</Attr>
<Attr Nom="DateDerniereValidation">03/07/ 2014</Attr>
<Attr Nom="ResponsableDerniereValidation">SERRES CATHERINE</Attr>
<Attr Nom="StructPremiereValidation">1</Attr>
<Attr Nom="DatePremiereValidation">18/06/ 2001</Attr>
<Attr Nom="ResponsablePremiereValidation">MIGV2</Attr>
<Attr Nom="StructDerniereValidation">82</Attr>
<Attr Nom="NumSource" Rep="1">OPD 100478960</Attr>
<Attr Nom="NumSource" Rep="2">OPP 14821168</Attr>
</record>
